<?xml version="1.0" encoding="UTF-8"?><collection xmlns="http://www.loc.gov/MARC21/slim"><record><leader>00753nam--2200193-i-4500</leader><controlfield tag="001">000002277</controlfield><controlfield tag="002">20161230</controlfield><controlfield tag="005">20161230201024</controlfield><controlfield tag="008">060222s1000------------r-----000-0-eng-d</controlfield><datafield ind1=" " ind2=" " tag="020"><subfield code="a">0720402662</subfield></datafield><datafield ind1=" " ind2=" " tag="040"><subfield code="a">IFIN-HH</subfield></datafield><datafield ind1=" " ind2=" " tag="080"><subfield code="a">539.17(061.3):539.141.1(061.3)</subfield></datafield><datafield ind1="1" ind2=" " tag="100"><subfield code="a">Slaus, Ivo</subfield></datafield><datafield ind1="1" ind2="0" tag="245"><subfield code="a">Few particle problems in the nuclear interaction</subfield><subfield code="b">Proceedings og the international conference on few particle problems in the nuclear interaction (los angeles, august 28 september 1, 1972)</subfield><subfield code="c">Ivo slaus, steven a. moszkowski, roy p. haddock, w.t.h. van oers (eds.)</subfield></datafield><datafield ind1=" " ind2=" " tag="260"><subfield code="a">Amsterdam</subfield><subfield code="b">North-holland Publishing Company</subfield><subfield code="c">1972</subfield></datafield><datafield ind1=" " ind2=" " tag="300"><subfield code="a">XXII + 1030 P</subfield></datafield><datafield ind1="1" ind2=" " tag="700"><subfield code="a">Oers, W.T.H. Van</subfield><subfield code="e">Ed</subfield></datafield><datafield ind1=" " ind2=" " tag="852"><subfield code="a">40947</subfield><subfield code="c">539.17</subfield></datafield><datafield ind1=" " ind2=" " tag="CAT"><subfield code="a">Sys</subfield><subfield code="c">20120613</subfield><subfield code="h">092028</subfield></datafield></record></collection>